@article{eptaminitakis2019asymptotically,
    title={Asymptotically Hyperbolic Manifolds with Boundary Conjugate Points but no Interior Conjugate Points},
    author={Nikolas Eptaminitakis and C. Robin Graham},
    journal={arXiv:1912.04856},
    primaryClass={math.DG}
}

@article{ilmavirta2018integral,
    title={Integral geometry on manifolds with boundary and applications},
    JOURNAL={{arXiv:1806.06088}},
    author={Joonas Ilmavirta and Fran√ßois Monard},
    year={2018},
    eprint={1806.06088},
    archivePrefix={arXiv},
    primaryClass={math.DG}
}

@article {MR2153407,
    AUTHOR = {Pestov, Leonid and Uhlmann, Gunther},
     TITLE = {Two dimensional compact simple {R}iemannian manifolds are
              boundary distance rigid},
   JOURNAL = {Ann. of Math. (2)},
  FJOURNAL = {Annals of Mathematics. Second Series},
    VOLUME = {161},
      YEAR = {2005},
    NUMBER = {2},
     PAGES = {1093--1110},
      ISSN = {0003-486X},
   MRCLASS = {53C24 (53C22)},
  MRNUMBER = {2153407},
MRREVIEWER = {Rodney Josu\'{e} Biezuner},
       DOI = {10.4007/annals.2005.161.1093},
       URL = {https://doi.org/10.4007/annals.2005.161.1093},
}
  
@article {MR512919,
    AUTHOR = {Heintze, Ernst and Im Hof, Hans-Christoph},
     TITLE = {Geometry of horospheres},
   JOURNAL = {J. Differential Geom.},
  FJOURNAL = {Journal of Differential Geometry},
    VOLUME = {12},
      YEAR = {1977},
    NUMBER = {4},
     PAGES = {481--491 (1978)},
      ISSN = {0022-040X},
   MRCLASS = {53C20},
  MRNUMBER = {512919},
MRREVIEWER = {Midori Goto},
       URL = {http://projecteuclid.org/euclid.jdg/1214434219},
}

@article {MR367562,
    AUTHOR = {Helgason, Sigurdur},
     TITLE = {The surjectivity of invariant differential operators on
              symmetric spaces. {I}},
   JOURNAL = {Ann. of Math. (2)},
  FJOURNAL = {Annals of Mathematics. Second Series},
    VOLUME = {98},
      YEAR = {1973},
     PAGES = {451--479},
      ISSN = {0003-486X},
   MRCLASS = {43A85 (22E30)},
  MRNUMBER = {367562},
MRREVIEWER = {Kenneth Johnson},
       DOI = {10.2307/1970914},
       URL = {https://doi.org/10.2307/1970914},
}
	

@book {MR2304843,
    AUTHOR = {Ruggiero, Rafael O.},
     TITLE = {Dynamics and global geometry of manifolds without conjugate
              points},
    SERIES = {Ensaios Matem\'{a}ticos [Mathematical Surveys]},
    VOLUME = {12},
 PUBLISHER = {Sociedade Brasileira de Matem\'{a}tica, Rio de Janeiro},
      YEAR = {2007},
     PAGES = {iv+181},
      ISBN = {978-85-85818-34-0},
   MRCLASS = {37D40 (37C25 37C50 37D20 53C22 53D25)},
  MRNUMBER = {2304843},
MRREVIEWER = {Norbert Peyerimhoff},
}



@article {MR1036134,
    AUTHOR = {Croke, Christopher B.},
     TITLE = {Rigidity for surfaces of nonpositive curvature},
   JOURNAL = {Comment. Math. Helv.},
  FJOURNAL = {Commentarii Mathematici Helvetici},
    VOLUME = {65},
      YEAR = {1990},
    NUMBER = {1},
     PAGES = {150--169},
      ISSN = {0010-2571},
   MRCLASS = {53C20 (53C22 58F17)},
  MRNUMBER = {1036134},
MRREVIEWER = {Chi-Keung Cheung},
       DOI = {10.1007/BF02566599},
       URL = {https://doi.org/10.1007/BF02566599},
}


@article {MR1038361,
    AUTHOR = {Otal, Jean-Pierre},
     TITLE = {Le spectre marqu\'{e} des longueurs des surfaces \`a courbure
              n\'{e}gative},
   JOURNAL = {Ann. of Math. (2)},
  FJOURNAL = {Annals of Mathematics. Second Series},
    VOLUME = {131},
      YEAR = {1990},
    NUMBER = {1},
     PAGES = {151--162},
      ISSN = {0003-486X},
   MRCLASS = {58E10 (53C22 58F17 58G25)},
  MRNUMBER = {1038361},
MRREVIEWER = {Carolyn Gordon},
       DOI = {10.2307/1971511},
       URL = {https://doi.org/10.2307/1971511},
}

@article {MR3079248,
    AUTHOR = {Burago, Dmitri and Ivanov, Sergei},
     TITLE = {Area minimizers and boundary rigidity of almost hyperbolic
              metrics},
   JOURNAL = {Duke Math. J.},
  FJOURNAL = {Duke Mathematical Journal},
    VOLUME = {162},
      YEAR = {2013},
    NUMBER = {7},
     PAGES = {1205--1248},
      ISSN = {0012-7094},
   MRCLASS = {53C24 (53C65)},
  MRNUMBER = {3079248},
MRREVIEWER = {Thilo Kuessner},
       DOI = {10.1215/00127094-2142529},
       URL = {https://doi.org/10.1215/00127094-2142529},
}

@article{stefanov2017local,
    title={Local and global boundary rigidity and the geodesic X-ray transform in the normal gauge},
    author={Plamen Stefanov and Gunther Uhlmann and Andras Vasy},
    journal = {{arXiv:1702.03638}},
    year={2017},
    eprint={1702.03638},
    archivePrefix={arXiv},
    primaryClass={math.DG}
}

@article {MR3892472,
    AUTHOR = {Stefanov, Plamen and Uhlmann, Gunther and Vasy, Andr\'{a}s},
     TITLE = {Inverting the local geodesic {X}-ray transform on tensors},
   JOURNAL = {J. Anal. Math.},
  FJOURNAL = {Journal d'Analyse Math\'{e}matique},
    VOLUME = {136},
      YEAR = {2018},
    NUMBER = {1},
     PAGES = {151--208},
      ISSN = {0021-7670},
   MRCLASS = {53C65},
  MRNUMBER = {3892472},
MRREVIEWER = {B. S. Rubin},
       DOI = {10.1007/s11854-018-0058-3},
       URL = {https://doi.org/10.1007/s11854-018-0058-3},
}

@article{lefeuvre2018boundary,
    title={Boundary rigidity of negatively-curved asymptotically hyperbolic surfaces},
    JOURNAL = {{arXiv:1805.05155}},
    author={Thibault Lefeuvre},
    year={2018},
    eprint={1805.05155},
    archivePrefix={arXiv},
    primaryClass={math.DG}
}

@incollection {MR837196,
    AUTHOR = {Fefferman, Charles and Graham, C. Robin},
     TITLE = {Conformal invariants},
      NOTE = {The mathematical heritage of \'{E}lie Cartan (Lyon, 1984)},
   JOURNAL = {Ast\'{e}risque},
  FJOURNAL = {Ast\'{e}risque},
      YEAR = {1985},
    NUMBER = {Num\'{e}ro Hors S\'{e}rie},
     PAGES = {95--116},
      ISSN = {0303-1179},
   MRCLASS = {53C20 (32C10 53A30)},
  MRNUMBER = {837196},
MRREVIEWER = {Claude LeBrun},
}


@article {MR0097833,
    AUTHOR = {Green, L. W.},
     TITLE = {A theorem of {E}. {H}opf},
   JOURNAL = {Michigan Math. J.},
  FJOURNAL = {The Michigan Mathematical Journal},
    VOLUME = {5},
      YEAR = {1958},
     PAGES = {31--34},
      ISSN = {0026-2285},
   MRCLASS = {53.00},
  MRNUMBER = {0097833},
MRREVIEWER = {W. M. Boothby},
       URL = {http://projecteuclid.org/euclid.mmj/1028998009},
}

@book {MR719023,
    AUTHOR = {O'Neill, Barrett},
     TITLE = {Semi-{R}iemannian geometry},
    SERIES = {Pure and Applied Mathematics},
    VOLUME = {103},
      NOTE = {With applications to relativity},
 PUBLISHER = {Academic Press, Inc. [Harcourt Brace Jovanovich, Publishers],
              New York},
      YEAR = {1983},
     PAGES = {xiii+468},
      ISBN = {0-12-526740-1},
   MRCLASS = {53-01 (53B30 53C50 83-02)},
  MRNUMBER = {719023},
MRREVIEWER = {N. V. Mitskevich},
}
@article {MR0167830,
    AUTHOR = {Calder\'on, A.-P.},
     TITLE = {Intermediate spaces and interpolation, the complex method},
   JOURNAL = {Studia Math.},
  FJOURNAL = {Polska Akademia Nauk. Instytut Matematyczny. Studia
              Mathematica},
    VOLUME = {24},
      YEAR = {1964},
     PAGES = {113--190},
      ISSN = {0039-3223},
   MRCLASS = {46.38 (46.10)},
  MRNUMBER = {0167830},
MRREVIEWER = {J. Peetre},
       DOI = {10.4064/sm-24-2-113-190},
       URL = {https://doi.org/10.4064/sm-24-2-113-190},
}


@book {MR881386,
    AUTHOR = {Mikhlin, Solomon G. and Pr\"{o}ssdorf, Siegfried},
     TITLE = {Singular integral operators},
      NOTE = {Translated from the German by Albrecht B\"{o}ttcher and Reinhard
              Lehmann},
 PUBLISHER = {Springer-Verlag, Berlin},
      YEAR = {1986},
     PAGES = {528},
      ISBN = {3-540-15967-3},
   MRCLASS = {47G05 (45-02 58G10)},
  MRNUMBER = {881386},
MRREVIEWER = {C. Carton-Lebrun},
       DOI = {10.1007/978-3-642-61631-0},
       URL = {https://doi.org/10.1007/978-3-642-61631-0},
}



@article {MR0251664,
    AUTHOR = {Bishop, R. L. and O'Neill, B.},
     TITLE = {Manifolds of negative curvature},
   JOURNAL = {Trans. Amer. Math. Soc.},
  FJOURNAL = {Transactions of the American Mathematical Society},
    VOLUME = {145},
      YEAR = {1969},
     PAGES = {1--49},
      ISSN = {0002-9947},
   MRCLASS = {53.72 (57.00)},
  MRNUMBER = {0251664},
MRREVIEWER = {T. Nagano},
       DOI = {10.2307/1995057},
       URL = {https://doi.org/10.2307/1995057},
}

@article {MR916753,
    AUTHOR = {Mazzeo, Rafe R. and Melrose, Richard B.},
     TITLE = {Meromorphic extension of the resolvent on complete spaces with
              asymptotically constant negative curvature},
   JOURNAL = {J. Funct. Anal.},
  FJOURNAL = {Journal of Functional Analysis},
    VOLUME = {75},
      YEAR = {1987},
    NUMBER = {2},
     PAGES = {260--310},
      ISSN = {0022-1236},
   MRCLASS = {58G25 (11F72 35P05)},
  MRNUMBER = {916753},
MRREVIEWER = {Stephan Rempel},
       URL = {https://doi.org/10.1016/0022-1236(87)90097-8},
}

@article {MR0380891,
    AUTHOR = {Eberlein, Patrick},
     TITLE = {When is a geodesic flow of {A}nosov type? {I}},
   JOURNAL = {J. Differential Geometry},
  FJOURNAL = {Journal of Differential Geometry},
    VOLUME = {8},
      YEAR = {1973},
     PAGES = {437--463},
      ISSN = {0022-040X},
   MRCLASS = {58F15 (53C30)},
  MRNUMBER = {0380891},
MRREVIEWER = {R. L. Bishop},
       URL = {http://projecteuclid.org/euclid.jdg/1214431801},
}
	
@article {MR0380891II,
    AUTHOR = {Eberlein, Patrick},
     TITLE = {When is a geodesic flow of {A}nosov type? {II}},
   JOURNAL = {J. Differential Geometry},
  FJOURNAL = {Journal of Differential Geometry},
    VOLUME = {8},
      YEAR = {1973},
     PAGES = {565--577},
      ISSN = {0022-040X},
   MRCLASS = {58F15 (53C30)},
  MRNUMBER = {0380891},
MRREVIEWER = {R. L. Bishop},
       URL = {http://projecteuclid.org/euclid.jdg/1214431801},
}


@article {MR533065,
    AUTHOR = {Heintze, Ernst and Karcher, Hermann},
     TITLE = {A general comparison theorem with applications to volume
              estimates for submanifolds},
   JOURNAL = {Ann. Sci. \'Ecole Norm. Sup. (4)},
  FJOURNAL = {Annales Scientifiques de l'\'Ecole Normale Sup\'erieure. Quatri\`eme
              S\'erie},
    VOLUME = {11},
      YEAR = {1978},
    NUMBER = {4},
     PAGES = {451--470},
      ISSN = {0012-9593},
   MRCLASS = {53C40 (58E10)},
  MRNUMBER = {533065},
MRREVIEWER = {Hubert Gollek},
       URL = {http://www.numdam.org/item?id=ASENS_1978_4_11_4_451_0},
}


@article {MR1133743,
    AUTHOR = {Mazzeo, Rafe},
     TITLE = {Elliptic theory of differential edge operators. {I}},
   JOURNAL = {Comm. Partial Differential Equations},
  FJOURNAL = {Communications in Partial Differential Equations},
    VOLUME = {16},
      YEAR = {1991},
    NUMBER = {10},
     PAGES = {1615--1664},
      ISSN = {0360-5302},
   MRCLASS = {58G03 (35J99 47G30 47N20 58G18)},
  MRNUMBER = {1133743},
MRREVIEWER = {J\"urgen Eichhorn},
       URL = {https://doi.org/10.1080/03605309108820815},
}
    
Query Results from the ADS Database

@ARTICLE{2017arXiv170802390M,
   author = {{McKeown}, S.~E.},
    title = "{Formal theory of cornered asymptotically hyperbolic Einstein metrics}",
  journal = {arXiv 1708.02390},
archivePrefix = "arXiv",
   eprint = {1708.02390},
 primaryClass = "math.DG",
 keywords = {Mathematics - Differential Geometry, 53B20, 58J37 (Primary), 53C25, 35B40 (Secondary)},
     year = 2017,
    month = aug,
   adsurl = {http://adsabs.harvard.edu/abs/2017arXiv170802390M},
  adsnote = {Provided by the SAO/NASA Astrophysics Data System}
}



@article {MR3006871,
    AUTHOR = {Nozaki, Masahiro and Takayanagi, Tadashi and Ugajin, Tomonori},
     TITLE = {Central charges for {BCFT}s and holography},
   JOURNAL = {J. High Energy Phys.},
  FJOURNAL = {Journal of High Energy Physics},
      YEAR = {2012},
    NUMBER = {6},
     PAGES = {066, front matter+24},
      ISSN = {1126-6708},
   MRCLASS = {81T40},
  MRNUMBER = {3006871},
}
    

@ARTICLE{2016arXiv160909590M,
   author = {{McKeown}, Stephen E.},
    title = "{Exponential map and normal form for cornered asymptotically hyperbolic metrics}",
  journal = {ArXiv e-prints},
archivePrefix = "arXiv",
   eprint = {1609.09590},
 primaryClass = "math.DG",
 keywords = {Mathematics - Differential Geometry, 53B20},
     year = 2016,
    month = sep,
   adsurl = {http://adsabs.harvard.edu/abs/2016arXiv160909590M},
  adsnote = {Provided by the SAO/NASA Astrophysics Data System}
}



@article {MR1965451,
    AUTHOR = {Lauter, Robert},
     TITLE = {Pseudodifferential analysis on conformally compact spaces},
   JOURNAL = {Mem. Amer. Math. Soc.},
  FJOURNAL = {Memoirs of the American Mathematical Society},
    VOLUME = {163},
      YEAR = {2003},
    NUMBER = {777},
     PAGES = {xvi+92},
      ISSN = {0065-9266},
   MRCLASS = {58J40 (35S05 46L45 47G30 47L80 58J05)},
  MRNUMBER = {1965451},
MRREVIEWER = {Elmar Schrohe},
       URL = {https://doi.org/10.1090/memo/0777},
}

@article{schmidt1973,
author = "Schmidt, B. G.",
fjournal = "Communications in Mathematical Physics",
journal = "Comm. Math. Phys.",
number = "1",
pages = "55--59",
publisher = "Springer",
title = "Conditions on a connection to be a metric connection",
url = "https://projecteuclid.org:443/euclid.cmp/1103858479",
volume = "29",
year = "1973"
}


@article {MR3200025,
    AUTHOR = {Paternain, Gabriel P. and Salo, Mikko and Uhlmann, Gunther},
     TITLE = {Tensor tomography: progress and challenges},
   JOURNAL = {Chin. Ann. Math. Ser. B},
  FJOURNAL = {Chinese Annals of Mathematics. Series B},
    VOLUME = {35},
      YEAR = {2014},
    NUMBER = {3},
     PAGES = {399--428},
      ISSN = {0252-9599},
   MRCLASS = {35R30 (53C65)},
  MRNUMBER = {3200025},
       URL = {https://doi.org/10.1007/s11401-014-0834-z},
}
  
@article {MR3069117,
    AUTHOR = {Paternain, Gabriel P. and Salo, Mikko and Uhlmann, Gunther},
     TITLE = {Tensor tomography on surfaces},
   JOURNAL = {Invent. Math.},
  FJOURNAL = {Inventiones Mathematicae},
    VOLUME = {193},
      YEAR = {2013},
    NUMBER = {1},
     PAGES = {229--247},
      ISSN = {0020-9910},
   MRCLASS = {53C22 (53C65)},
  MRNUMBER = {3069117},
MRREVIEWER = {V. K. Ohanyan},
       URL = {https://doi.org/10.1007/s00222-012-0432-1},
}




Query Results from the ADS Database


Retrieved 1 abstracts, starting with number 1.  Total number selected: 1.

@ARTICLE{2016arXiv160400630U,
   author = {{Uhlmann}, G. and {Zhou}, H.},
    title = "{Journey to the center of the Earth}",
  journal = {arXiv:1604.00630},
archivePrefix = "arXiv",
   eprint = {1604.00630},
 primaryClass = "math.DG",
 keywords = {Mathematics - Differential Geometry, Mathematics - Analysis of PDEs},
     year = 2016,
    month = apr,
   adsurl = {http://adsabs.harvard.edu/abs/2016arXiv160400630U},
  adsnote = {Provided by the SAO/NASA Astrophysics Data System}
}



@incollection {MR2743480,
    AUTHOR = {Isozaki, Hiroshi and Kurylev, Yaroslav},
     TITLE = {Spectral theory and inverse problems on asymptotically
              hyperbolic manifolds},
 BOOKTITLE = {Spectral and scattering theory and related topics},
    SERIES = {RIMS K\^oky\^uroku Bessatsu, B16},
     PAGES = {29--73},
 PUBLISHER = {Res. Inst. Math. Sci. (RIMS), Kyoto},
      YEAR = {2010},
   MRCLASS = {58J50 (35L10 35P05 35P25 35R01 35R30 47A40 93C20)},
  MRNUMBER = {2743480},
MRREVIEWER = {Robert A. Van Gorder},
}
  
@incollection {MR1297561,
    AUTHOR = {Berenstein, Carlos A. and Casadio Tarabusi, Enrico},
     TITLE = {An inversion formula for the horocyclic {R}adon transform on
              the real hyperbolic space},
 BOOKTITLE = {Tomography, impedance imaging, and integral geometry ({S}outh
              {H}adley, {MA}, 1993)},
    SERIES = {Lectures in Appl. Math.},
    VOLUME = {30},
     PAGES = {1--6},
 PUBLISHER = {Amer. Math. Soc., Providence, RI},
      YEAR = {1994},
   MRCLASS = {53C65 (44A12)},
  MRNUMBER = {1297561},
}
  
@article {MR1633016,
    AUTHOR = {Maldacena, Juan},
     TITLE = {The large {$N$} limit of superconformal field theories and
              supergravity},
   JOURNAL = {Adv. Theor. Math. Phys.},
  FJOURNAL = {Advances in Theoretical and Mathematical Physics},
    VOLUME = {2},
      YEAR = {1998},
    NUMBER = {2},
     PAGES = {231--252},
      ISSN = {1095-0761},
   MRCLASS = {81T30 (81T60 83E30)},
  MRNUMBER = {1633016},
MRREVIEWER = {Douglas J. Smith},
       URL = {https://doi.org/10.4310/ATMP.1998.v2.n2.a1},
}

@ARTICLE{2016arXiv160909590M,
   author = {{McKeown}, Stephen E.},
    title = "{Exponential map and normal form for cornered asymptotically hyperbolic metrics}",
  journal = {ArXiv e-prints},
archivePrefix = "arXiv",
   eprint = {1609.09590},
 primaryClass = "math.DG",
 keywords = {Mathematics - Differential Geometry, 53B20},
     year = 2016,
    month = sep,
   adsurl = {http://adsabs.harvard.edu/abs/2016arXiv160909590M},
  adsnote = {Provided by the SAO/NASA Astrophysics Data System}
}

@article {MR511273,
    AUTHOR = {Mukhometov, R. G. and Romanov, V. G.},
     TITLE = {On the problem of finding an isotropic {R}iemannian metric in
              an {$n$}-dimensional space},
   JOURNAL = {Dokl. Akad. Nauk SSSR},
  FJOURNAL = {Doklady Akademii Nauk SSSR},
    VOLUME = {243},
      YEAR = {1978},
    NUMBER = {1},
     PAGES = {41--44},
      ISSN = {0002-3264},
   MRCLASS = {53C65 (53C21)},
  MRNUMBER = {511273},
MRREVIEWER = {J. Szenthe},
}
  

@article{Radon17,
  added-at = {2010-08-20T12:09:24.000+0200},
  author = {Radon, J.},
  biburl = {https://www.bibsonomy.org/bibtex/2b0128caaef39bf1265503f99b560dbfb/haggis79},
  interhash = {fdcf4d741dfedba3c56a3a942ecc463b},
  intrahash = {b0128caaef39bf1265503f99b560dbfb},
  journal = {Akad. Wiss.},
  keywords = {imported},
  owner = {schohaad},
  pages = {262-277},
  timestamp = {2010-08-20T12:09:25.000+0200},
  title = {{\"U}ber die {B}estimmung von {F}unktionen durch ihre {I}ntegralwerte
  l\"angs gewisser {M}annigfaltigkeiten},
  volume = 69,
  year = 1917
}


@article {MR0431074,
    AUTHOR = {Mukhometov, R. G.},
     TITLE = {The reconstruction problem of a two-dimensional {R}iemannian
              metric, and integral geometry},
   JOURNAL = {Dokl. Akad. Nauk SSSR},
  FJOURNAL = {Doklady Akademii Nauk SSSR},
    VOLUME = {232},
      YEAR = {1977},
    NUMBER = {1},
     PAGES = {32--35},
      ISSN = {0002-3264},
   MRCLASS = {53C65},
  MRNUMBER = {0431074},
MRREVIEWER = {Ju. Burago},
}


@article {MR953028,
    AUTHOR = {Pestov, L. N. and Sharafutdinov, V. A.},
     TITLE = {Integral geometry of tensor fields on a manifold of negative
              curvature},
   JOURNAL = {Sibirsk. Mat. Zh.},
  FJOURNAL = {Akademiya Nauk SSSR. Sibirskoe Otdelenie. Sibirski\u\i \
              Matematicheski\u\i \ Zhurnal},
    VOLUME = {29},
      YEAR = {1988},
    NUMBER = {3},
     PAGES = {114--130, 221},
      ISSN = {0037-4474},
   MRCLASS = {53C65 (86A15)},
  MRNUMBER = {953028},
MRREVIEWER = {Z. N\'aden\'\i k},
       URL = {https://doi.org/10.1007/BF00969652},
}
  

@article {MR636880,
    AUTHOR = {Michel, Ren\'e},
     TITLE = {Sur la rigidit\'e impos\'ee par la longueur des g\'eod\'esiques},
   JOURNAL = {Invent. Math.},
  FJOURNAL = {Inventiones Mathematicae},
    VOLUME = {65},
      YEAR = {1981/82},
    NUMBER = {1},
     PAGES = {71--83},
      ISSN = {0020-9910},
   MRCLASS = {58D99 (53C22)},
  MRNUMBER = {636880},
MRREVIEWER = {Francesco Mercuri},
       URL = {https://doi.org/10.1007/BF01389295},
}
  

@article {MR2068966,
    AUTHOR = {Stefanov, Plamen and Uhlmann, Gunther},
     TITLE = {Stability estimates for the {X}-ray transform of tensor fields
              and boundary rigidity},
   JOURNAL = {Duke Math. J.},
  FJOURNAL = {Duke Mathematical Journal},
    VOLUME = {123},
      YEAR = {2004},
    NUMBER = {3},
     PAGES = {445--467},
      ISSN = {0012-7094},
   MRCLASS = {53C65 (44A12 47G30 53C24)},
  MRNUMBER = {2068966},
MRREVIEWER = {Dorothee Schueth},
       URL = {https://doi.org/10.1215/S0012-7094-04-12332-2},
}


@article {MR517939,
    AUTHOR = {H\"ormander, Lars},
     TITLE = {The {W}eyl calculus of pseudodifferential operators},
   JOURNAL = {Comm. Pure Appl. Math.},
  FJOURNAL = {Communications on Pure and Applied Mathematics},
    VOLUME = {32},
      YEAR = {1979},
    NUMBER = {3},
     PAGES = {360--444},
      ISSN = {0010-3640},
   MRCLASS = {47G05 (35S05 58G15)},
  MRNUMBER = {517939},
MRREVIEWER = {S. G. Gindikin},
       URL = {https://doi.org/10.1002/cpa.3160320304},
}



@article {MR0437917,
    AUTHOR = {Parenti, Cesare},
     TITLE = {Operatori pseudo-differenziali in {$R^{n}$} e applicazioni},
   JOURNAL = {Ann. Mat. Pura Appl. (4)},
  FJOURNAL = {Annali di Matematica Pura ed Applicata. Serie Quarta},
    VOLUME = {93},
      YEAR = {1972},
     PAGES = {359--389},
      ISSN = {0003-4622},
   MRCLASS = {35J40 (35S15)},
  MRNUMBER = {0437917},
MRREVIEWER = {P. Szeptycki},
       URL = {https://doi.org/10.1007/BF02412028},
}


@article {MR3475662,
    AUTHOR = {Guillarmou, Colin and Paternain, Gabriel P. and Salo, Mikko
              and Uhlmann, Gunther},
     TITLE = {The {X}-ray transform for connections in negative curvature},
   JOURNAL = {Comm. Math. Phys.},
  FJOURNAL = {Communications in Mathematical Physics},
    VOLUME = {343},
      YEAR = {2016},
    NUMBER = {1},
     PAGES = {83--127},
      ISSN = {0010-3616},
   MRCLASS = {53C65 (53C21)},
  MRNUMBER = {3475662},
MRREVIEWER = {Leonard Todjihounde},
       URL = {https://doi.org/10.1007/s00220-015-2510-x},
}


@article {MR1511461,
    AUTHOR = {Herglotz, G.},
     TITLE = {\"Uber die {I}ntegralgleichungen der {E}lektronentheorie},
   JOURNAL = {Math. Ann.},
  FJOURNAL = {Mathematische Annalen},
    VOLUME = {65},
      YEAR = {1907},
    NUMBER = {1},
     PAGES = {87--106},
      ISSN = {0025-5831},
   MRCLASS = {DML},
  MRNUMBER = {1511461},
       URL = {https://doi.org/10.1007/BF01450053},
}
    


@article {MR639039,
    AUTHOR = {Melrose, Richard B.},
     TITLE = {Transformation of boundary problems},
   JOURNAL = {Acta Math.},
  FJOURNAL = {Acta Mathematica},
    VOLUME = {147},
      YEAR = {1981},
    NUMBER = {3-4},
     PAGES = {149--236},
      ISSN = {0001-5962},
   MRCLASS = {58G15 (35S15 47G05 58G20)},
  MRNUMBER = {639039},
MRREVIEWER = {Vesselin M. Petkov},
       URL = {https://doi.org/10.1007/BF02392873},
}
    


@article {MR3454376,
    AUTHOR = {Stefanov, Plamen and Uhlmann, Gunther and Vasy, Andras},
     TITLE = {Boundary rigidity with partial data},
   JOURNAL = {J. Amer. Math. Soc.},
  FJOURNAL = {Journal of the American Mathematical Society},
    VOLUME = {29},
      YEAR = {2016},
    NUMBER = {2},
     PAGES = {299--332},
      ISSN = {0894-0347},
   MRCLASS = {53C65 (35R30 53C24)},
  MRNUMBER = {3454376},
MRREVIEWER = {V. K. Ohanyan},
       URL = {https://doi.org/10.1090/jams/846},
}
  
@article {MR1112625,
    AUTHOR = {Graham, C. Robin and Lee, John M.},
     TITLE = {Einstein metrics with prescribed conformal infinity on the
              ball},
   JOURNAL = {Adv. Math.},
  FJOURNAL = {Advances in Mathematics},
    VOLUME = {87},
      YEAR = {1991},
    NUMBER = {2},
     PAGES = {186--225},
      ISSN = {0001-8708},
   MRCLASS = {53C25 (53C50 58E11 58G20)},
  MRNUMBER = {1112625},
MRREVIEWER = {Dennis M. DeTurck},
       URL = {https://doi.org/10.1016/0001-8708(91)90071-E},
}

@article {2017arXiv170510126L,
    AUTHOR = {Lehtonen, Jere and Railo, Jesse and Salo, Mikko},
     TITLE = {Tensor tomography on {C}artan-{H}adamard manifolds},
   JOURNAL = {Inverse Problems},
  FJOURNAL = {Inverse Problems. An International Journal on the Theory and
              Practice of Inverse Problems, Inverse Methods and Computerized
              Inversion of Data},
    VOLUME = {34},
      YEAR = {2018},
    NUMBER = {4},
     PAGES = {044004, 27},
      ISSN = {0266-5611},
   MRCLASS = {44A12},
  MRNUMBER = {3781677},
MRREVIEWER = {Aleksander Denisiuk},
       DOI = {10.1088/1361-6420/aaaf85},
       URL = {https://doi.org/10.1088/1361-6420/aaaf85},
}





@Article{Uhlmann2016,
author="Uhlmann, Gunther
and Vasy, Andr{\'a}s",
title="The inverse problem for the local geodesic ray transform, with an appendix by {H}. {Z}hou",
journal="Inventiones mathematicae",
year="2016",
month="Jul",
day="01",
volume="205",
number="1",
pages="83--120",
abstract="Under a convexity assumption on the boundary we solve a local inverse problem, namely we show that the geodesic X-ray transform can be inverted locally in a stable manner; one even has a reconstruction formula. We also show that under an assumption on the existence of a global foliation by strictly convex hypersurfaces the geodesic X-ray transform is globally injective. In addition we prove stability estimates and propose a layer stripping type algorithm for reconstruction.",
issn="1432-1297",
doi="10.1007/s00222-015-0631-7",
url="https://doi.org/10.1007/s00222-015-0631-7"
}


@article {MR1104811,
    AUTHOR = {Berenstein, Carlos A. and Casadio Tarabusi, Enrico},
     TITLE = {Inversion formulas for the {$k$}-dimensional {R}adon transform
              in real hyperbolic spaces},
   JOURNAL = {Duke Math. J.},
  FJOURNAL = {Duke Mathematical Journal},
    VOLUME = {62},
      YEAR = {1991},
    NUMBER = {3},
     PAGES = {613--631},
      ISSN = {0012-7094},
   MRCLASS = {53C65 (58G99)},
  MRNUMBER = {1104811},
       URL = {https://doi.org/10.1215/S0012-7094-91-06227-7},
}


@article{helgason1959,
author = "Helgason, Sigurƒêur",
doi = "10.1007/BF02564248",
fjournal = "Acta Mathematica",
journal = "Acta Math.",
number = "3-4",
pages = "239--299",
publisher = "Institut Mittag-Leffler",
title = "Differential operators on homogeneous spaces",
url = "https://doi.org/10.1007/BF02564248",
volume = "102",
year = "1959"
}

@ARTICLE{2017arXiv170905053G,
   author = {{Graham}, C.~Robin and {Guillarmou}, Colin and {Stefanov}, Plamen and
	{Uhlmann}, Gunther},
    title = "{X-ray Transform and Boundary Rigidity for Asymptotically Hyperbolic Manifolds}",
  journal = {{arXiv:1709.05053}},
archivePrefix = "arXiv",
   eprint = {1709.05053},
 primaryClass = "math.DG",
 keywords = {Mathematics - Differential Geometry, High Energy Physics - Theory, Mathematical Physics, Mathematics - Analysis of PDEs, 35R30, 37D40, 53C22},
     year = 2017,
    month = sep,
   adsurl = {http://adsabs.harvard.edu/abs/2017arXiv170905053G},
  adsnote = {Provided by the SAO/NASA Astrophysics Data System}
}


@ARTICLE{2016arXiv161204800L,
   author = {{Lehtonen}, J.},
    title = "{The geodesic ray transform on two-dimensional Cartan-Hadamard manifolds}",
  journal = {arXiv:1612.04800},
archivePrefix = "arXiv",
   eprint = {1612.04800},
 primaryClass = "math.DG",
 keywords = {Mathematics - Differential Geometry},
     year = 2016,
    month = dec,
   adsurl = {http://adsabs.harvard.edu/abs/2016arXiv161204800L},
  adsnote = {Provided by the SAO/NASA Astrophysics Data System}
}



@book {MR2941112,
    AUTHOR = {Mazzeo, Rafe Roys},
     TITLE = {H{odge} {cohomology} {of} {negatively} {curved} {manifolds}},
      NOTE = {Thesis (Ph.D.)--Massachusetts Institute of Technology},
 PUBLISHER = {ProQuest LLC, Ann Arbor, MI},
      YEAR = {1986},
     PAGES = {(no paging)},
   MRCLASS = {Thesis},
  MRNUMBER = {2941112},
       URL =
              {http://gateway.proquest.com/openurl?url_ver=Z39.88-2004&rft_val_fmt=info:ofi/fmt:kev:mtx:dissertation&res_dat=xri:pqdiss&rft_dat=xri:pqdiss:0374406},
}


@book {MR2743116,
    AUTHOR = {Helgason, Sigurdur},
     TITLE = {Integral geometry and {R}adon transforms},
 PUBLISHER = {Springer, New York},
      YEAR = {2011},
     PAGES = {xiv+301},
      ISBN = {978-1-4419-6054-2},
   MRCLASS = {53C65 (22E30 35R01 43A85 44A12)},
  MRNUMBER = {2743116},
MRREVIEWER = {Aleksander Denisiuk},
       URL = {https://doi.org/10.1007/978-1-4419-6055-9},
}


@book {MR1481970,
    AUTHOR = {Hebey, Emmanuel},
     TITLE = {Sobolev spaces on {R}iemannian manifolds},
    SERIES = {Lecture Notes in Mathematics},
    VOLUME = {1635},
 PUBLISHER = {Springer-Verlag, Berlin},
      YEAR = {1996},
     PAGES = {x+116},
      ISBN = {3-540-61722-1},
   MRCLASS = {46E35 (58D15)},
  MRNUMBER = {1481970},
MRREVIEWER = {H. Triebel},
       URL = {https://doi.org/10.1007/BFb0092907},
}

@book {MR1723736,
    AUTHOR = {Helgason, Sigurdur},
     TITLE = {The {R}adon transform},
    SERIES = {Progress in Mathematics},
    VOLUME = {5},
   EDITION = {Second},
 PUBLISHER = {Birkh\"auser Boston, Inc., Boston, MA},
      YEAR = {1999},
     PAGES = {xiv+188},
      ISBN = {0-8176-4109-2},
   MRCLASS = {44A12 (22E30 22E46 43A85 58J40)},
  MRNUMBER = {1723736},
MRREVIEWER = {B. S. Rubin},
       URL = {https://doi.org/10.1007/978-1-4757-1463-0},
}


@book{lee2006fredholm,
  title={Fredholm Operators and Einstein Metrics on Conformally Compact Manifolds},
  author={Lee, J.M.},
  isbn={9780821839157},
  lccn={2006045731},
  series={Fredholm operators and Einstein metrics on conformally compact manifolds},
  url={https://books.google.com/books?id=FfHUCQAAQBAJ},
  year={2006},
  publisher={American Mathematical Society}
}




@book {MR2229062,
    AUTHOR = {Chavel, Isaac},
     TITLE = {Riemannian geometry},
    SERIES = {Cambridge Studies in Advanced Mathematics},
    VOLUME = {98},
   EDITION = {Second},
      NOTE = {A modern introduction},
 PUBLISHER = {Cambridge University Press, Cambridge},
      YEAR = {2006},
     PAGES = {xvi+471},
      ISBN = {978-0-521-61954-7; 0-521-61954-8},
   MRCLASS = {53-02 (53Cxx)},
  MRNUMBER = {2229062},
       URL = {https://doi.org/10.1017/CBO9780511616822},
}




@book {MR1348401,
    AUTHOR = {Melrose, Richard B.},
     TITLE = {The {A}tiyah-{P}atodi-{S}inger index theorem},
    SERIES = {Research Notes in Mathematics},
    VOLUME = {4},
 PUBLISHER = {A K Peters, Ltd., Wellesley, MA},
      YEAR = {1993},
     PAGES = {xiv+377},
      ISBN = {1-56881-002-4},
   MRCLASS = {58G10 (58G15 58G25)},
  MRNUMBER = {1348401},
MRREVIEWER = {Rafe Mazzeo},
}
    
@book {daomwk,
    AUTHOR = {Melrose, Richard B.},
     TITLE = {Differential analysis on manifolds with corners},
 PUBLISHER = {\url{http://www-math.mit.edu/~rbm/book.html}},
 URL = {http://www-math.mit.edu/~rbm/book.html}
}    

@book{poor1981differential,
  title={Differential geometric structures},
  author={Poor, Walter A.},
  isbn={9780070504356},
  lccn={80019888},
  url={https://books.google.com/books?id=51bvAAAAMAAJ},
  year={1981},
  publisher={McGraw-Hill}
}

@book {MR2858236,
    AUTHOR = {Fefferman, Charles and Graham, C. Robin},
     TITLE = {The ambient metric},
    SERIES = {Annals of Mathematics Studies},
    VOLUME = {178},
 PUBLISHER = {Princeton University Press, Princeton, NJ},
      YEAR = {2012},
     PAGES = {x+113},
      ISBN = {978-0-691-15313-1},
   MRCLASS = {53A30 (53A55 53C20)},
  MRNUMBER = {2858236},
MRREVIEWER = {Michael G. Eastwood},
}

@incollection {MR1291640,
    AUTHOR = {Melrose, Richard B.},
     TITLE = {Spectral and scattering theory for the {L}aplacian on
              asymptotically {E}uclidian spaces},
 BOOKTITLE = {Spectral and scattering theory ({S}anda, 1992)},
    SERIES = {Lecture Notes in Pure and Appl. Math.},
    VOLUME = {161},
     PAGES = {85--130},
 PUBLISHER = {Dekker, New York},
      YEAR = {1994},
   MRCLASS = {58G25 (35J05 35P25 58G15)},
  MRNUMBER = {1291640},
MRREVIEWER = {Friedbert Pr\"ufer},
}										

@book {MR2304165,
    AUTHOR = {H\"ormander, Lars},
     TITLE = {The analysis of linear partial differential operators. {III}},
    SERIES = {Classics in Mathematics},
      NOTE = {Pseudo-differential operators,
              Reprint of the 1994 edition},
 PUBLISHER = {Springer, Berlin},
      YEAR = {2007},
     PAGES = {viii+525},
      ISBN = {978-3-540-49937-4},
   MRCLASS = {35-02 (35Sxx 47F05 47G30 58J40)},
  MRNUMBER = {2304165},
       DOI = {10.1007/978-3-540-49938-1},
       URL = {https://doi.org/10.1007/978-3-540-49938-1},
}
  

@book {MR2744150,
    AUTHOR = {Taylor, Michael E.},
     TITLE = {Partial differential equations {I}. {B}asic theory},
    SERIES = {Applied Mathematical Sciences},
    VOLUME = {115},
   EDITION = {Second},
 PUBLISHER = {Springer, New York},
      YEAR = {2011},
     PAGES = {xxii+654},
      ISBN = {978-1-4419-7054-1},
   MRCLASS = {35-01 (46N20 47F05 47N20)},
  MRNUMBER = {2744150},
       URL = {https://doi.org/10.1007/978-1-4419-7055-8},
}

@book {MR0478069,
    AUTHOR = {Klingenberg, Wilhelm},
     TITLE = {Lectures on closed geodesics},
      NOTE = {Grundlehren der Mathematischen Wissenschaften, Vol. 230},
 PUBLISHER = {Springer-Verlag, Berlin-New York},
      YEAR = {1978},
     PAGES = {x+227},
      ISBN = {3-540-08393-6},
   MRCLASS = {53C20 (58E10)},
  MRNUMBER = {0478069},
MRREVIEWER = {Y. Muto},
}
@book {MR1374572,
    AUTHOR = {Sharafutdinov, Vladimir A.},
     TITLE = {Integral geometry of tensor fields},
    SERIES = {Inverse and Ill-posed Problems Series},
 PUBLISHER = {VSP, Utrecht},
      YEAR = {1994},
     PAGES = {271},
      ISBN = {90-6764-165-0},
   MRCLASS = {53C65 (44A12 73D50)},
  MRNUMBER = {1374572},
MRREVIEWER = {Eric Grinberg},
       URL = {https://doi.org/10.1515/9783110900095},
}

@article {MR2216407,
    AUTHOR = {Dairbekov, Nurlan S.},
     TITLE = {Integral geometry problem for nontrapping manifolds},
   JOURNAL = {Inverse Problems},
  FJOURNAL = {Inverse Problems. An International Journal on the Theory and
              Practice of Inverse Problems, Inverse Methods and Computerized
              Inversion of Data},
    VOLUME = {22},
      YEAR = {2006},
    NUMBER = {2},
     PAGES = {431--445},
      ISSN = {0266-5611},
   MRCLASS = {53C65 (44A12)},
  MRNUMBER = {2216407},
       URL = {https://doi.org/10.1088/0266-5611/22/2/003},
}

@article {MR2382148,
    AUTHOR = {Stefanov, Plamen and Uhlmann, Gunther},
     TITLE = {Integral geometry on tensor fields on a class of non-simple
              {R}iemannian manifolds},
   JOURNAL = {Amer. J. Math.},
  FJOURNAL = {American Journal of Mathematics},
    VOLUME = {130},
      YEAR = {2008},
    NUMBER = {1},
     PAGES = {239--268},
      ISSN = {0002-9327},
   MRCLASS = {53C22 (53C65)},
  MRNUMBER = {2382148},
MRREVIEWER = {Leonid N. Pestov},
       URL = {https://doi.org/10.1353/ajm.2008.0003},
}

@incollection {MR2885194,
    AUTHOR = {Boman, Jan},
     TITLE = {Local non-injectivity for weighted {R}adon transforms},
 BOOKTITLE = {Tomography and inverse transport theory},
    SERIES = {Contemp. Math.},
    VOLUME = {559},
     PAGES = {39--47},
 PUBLISHER = {Amer. Math. Soc., Providence, RI},
      YEAR = {2011},
   MRCLASS = {44A12 (47G10)},
  MRNUMBER = {2885194},
MRREVIEWER = {B. S. Rubin},
       URL = {https://doi.org/10.1090/conm/559/11070},
}
  




@article {MR516051,
    AUTHOR = {Bern{\v s}te{\u\i}n, I. N. and Gerver, M. L.},
     TITLE = {A problem of integral geometry for a family of geodesics and
              an inverse kinematic seismics problem},
   JOURNAL = {Dokl. Akad. Nauk SSSR},
  FJOURNAL = {Doklady Akademii Nauk SSSR},
    VOLUME = {243},
      YEAR = {1978},
    NUMBER = {2},
     PAGES = {302--305},
      ISSN = {0002-3264},
   MRCLASS = {53C65 (86A15)},
  MRNUMBER = {516051},
MRREVIEWER = {Z. N\'aden\'\i k},
}
    


@book {MR1269107,
    AUTHOR = {Grigis, Alain and Sj\"ostrand, Johannes},
     TITLE = {Microlocal analysis for differential operators},
    SERIES = {London Mathematical Society Lecture Note Series},
    VOLUME = {196},
      NOTE = {An introduction},
 PUBLISHER = {Cambridge University Press, Cambridge},
      YEAR = {1994},
     PAGES = {iv+151},
      ISBN = {0-521-44986-3},
   MRCLASS = {35A27 (35Sxx 58G07 58G15 58G17)},
  MRNUMBER = {1269107},
MRREVIEWER = {Vesselin M. Petkov},
       URL = {https://doi.org/10.1017/CBO9780511721441},
}


    
@book {MR2743116,
    AUTHOR = {Helgason, Sigurdur},
     TITLE = {Integral geometry and {R}adon transforms},
 PUBLISHER = {Springer, New York},
      YEAR = {2011},
     PAGES = {xiv+301},
      ISBN = {978-1-4419-6054-2},
   MRCLASS = {53C65 (22E30 35R01 43A85 44A12)},
  MRNUMBER = {2743116},
MRREVIEWER = {Aleksander Denisiuk},
       URL = {https://doi.org/10.1007/978-1-4419-6055-9},
}

@book {MR2954043,
    AUTHOR = {Lee, John M.},
     TITLE = {Introduction to smooth manifolds},
    SERIES = {Graduate Texts in Mathematics},
    VOLUME = {218},
   EDITION = {Second},
 PUBLISHER = {Springer, New York},
      YEAR = {2013},
     PAGES = {xvi+708},
      ISBN = {978-1-4419-9981-8},
   MRCLASS = {58-01 (53-01 57-01)},
  MRNUMBER = {2954043},
}
  

@book {MR1280714,
    AUTHOR = {Helgason, Sigurdur},
     TITLE = {Geometric analysis on symmetric spaces},
    SERIES = {Mathematical Surveys and Monographs},
    VOLUME = {39},
 PUBLISHER = {American Mathematical Society, Providence, RI},
      YEAR = {1994},
     PAGES = {xiv+611},
      ISBN = {0-8218-1538-5},
   MRCLASS = {43A85 (22E46 53C35 53C65 58G16)},
  MRNUMBER = {1280714},
MRREVIEWER = {Gestur \'Olafsson},
       URL = {https://doi.org/10.1090/surv/039},
}    





@book {MR0069338,
    AUTHOR = {Coddington, Earl A. and Levinson, Norman},
     TITLE = {Theory of ordinary differential equations},
 PUBLISHER = {McGraw-Hill Book Company, Inc., New York-Toronto-London},
      YEAR = {1955},
     PAGES = {xii+429},
   MRCLASS = {36.0X},
  MRNUMBER = {0069338},
MRREVIEWER = {M. Zl\'amal},
}
    

@book {MR0423094,
    AUTHOR = {Hille, Einar and Phillips, Ralph S.},
     TITLE = {Functional analysis and semi-groups},
      NOTE = {Third printing of the revised edition of 1957,
              American Mathematical Society Colloquium Publications, Vol.
              XXXI},
 PUBLISHER = {American Mathematical Society, Providence, R. I.},
      YEAR = {1974},
     PAGES = {xii+808},
   MRCLASS = {47-02 (46-02)},
  MRNUMBER = {0423094},
}

@book {MR1681462,
    AUTHOR = {Folland, Gerald B.},
     TITLE = {Real analysis},
    SERIES = {Pure and Applied Mathematics (New York)},
   EDITION = {Second},
      NOTE = {Modern techniques and their applications,
              A Wiley-Interscience Publication},
 PUBLISHER = {John Wiley \& Sons, Inc., New York},
      YEAR = {1999},
     PAGES = {xvi+386},
      ISBN = {0-471-31716-0},
   MRCLASS = {00A05 (26-01 28-01 46-01)},
  MRNUMBER = {1681462},
}

@book {MR2328004,
    AUTHOR = {Tartar, Luc},
     TITLE = {An introduction to {S}obolev spaces and interpolation spaces},
    SERIES = {Lecture Notes of the Unione Matematica Italiana},
    VOLUME = {3},
 PUBLISHER = {Springer, Berlin; UMI, Bologna},
      YEAR = {2007},
     PAGES = {xxvi+218},
      ISBN = {978-3-540-71482-8; 3-540-71482-0},
   MRCLASS = {46E35 (41A05 46B70 46M35)},
  MRNUMBER = {2328004},
MRREVIEWER = {Joan L. Cerd\`a},
}

@book {MR1211419,
    AUTHOR = {Saint Raymond, Xavier},
     TITLE = {Elementary introduction to the theory of pseudodifferential
              operators},
    SERIES = {Studies in Advanced Mathematics},
 PUBLISHER = {CRC Press, Boca Raton, FL},
      YEAR = {1991},
     PAGES = {viii+108},
      ISBN = {0-8493-7158-9},
   MRCLASS = {47G30 (35S05)},
  MRNUMBER = {1211419},
MRREVIEWER = {Nicolas Lerner},
}

@book {MR3112817,
    AUTHOR = {Hall, Brian C.},
     TITLE = {Quantum theory for mathematicians},
    SERIES = {Graduate Texts in Mathematics},
    VOLUME = {267},
 PUBLISHER = {Springer, New York},
      YEAR = {2013},
     PAGES = {xvi+554},
      ISBN = {978-1-4614-7115-8; 978-1-4614-7116-5},
   MRCLASS = {81-02 (46N50)},
  MRNUMBER = {3112817},
       URL = {https://doi.org/10.1007/978-1-4614-7116-5},
}


@ARTICLE{2006math.....11788D,
   author = {{Dairbekov}, N.~S. and {Paternain}, G.~P. and {Stefanov}, P. and 
  {Uhlmann}, G.},
    title = "{The boundary rigidity problem in the presence of a magnetic field}",
  journal = {ArXiv Mathematics e-prints},
   eprint = {math/0611788},
 keywords = {Mathematics - Differential Geometry, Mathematics - Analysis of PDEs},
     year = 2006,
    month = nov,
   adsurl = {http://adsabs.harvard.edu/abs/2006math.....11788D},
  adsnote = {Provided by the SAO/NASA Astrophysics Data System}
}

@article {MR887496,
    AUTHOR = {Hwang, I. L.},
     TITLE = {The {$L^2$}-boundedness of pseudodifferential operators},
   JOURNAL = {Trans. Amer. Math. Soc.},
  FJOURNAL = {Transactions of the American Mathematical Society},
    VOLUME = {302},
      YEAR = {1987},
    NUMBER = {1},
     PAGES = {55--76},
      ISSN = {0002-9947},
   MRCLASS = {47G05 (35S05)},
  MRNUMBER = {887496},
MRREVIEWER = {R\'emi Vaillancourt},
       DOI = {10.2307/2000896},
       URL = {https://doi.org/10.2307/2000896},
}
  


@article {MR2365669,
    AUTHOR = {Frigyik, Bela and Stefanov, Plamen and Uhlmann, Gunther},
     TITLE = {The {X}-ray transform for a generic family of curves and
              weights},
   JOURNAL = {J. Geom. Anal.},
  FJOURNAL = {Journal of Geometric Analysis},
    VOLUME = {18},
      YEAR = {2008},
    NUMBER = {1},
     PAGES = {89--108},
      ISSN = {1050-6926},
   MRCLASS = {53C65},
  MRNUMBER = {2365669},
MRREVIEWER = {Rodney Josu\'e Biezuner},
       DOI = {10.1007/s12220-007-9007-6},
       URL = {https://doi.org/10.1007/s12220-007-9007-6},
}

@book {MR1721032,
    AUTHOR = {Friedlander, F. G.},
     TITLE = {Introduction to the theory of distributions},
   EDITION = {Second},
      NOTE = {With additional material by M. Joshi},
 PUBLISHER = {Cambridge University Press, Cambridge},
      YEAR = {1998},
     PAGES = {x+175},
      ISBN = {0-521-64015-6; 0-521-64971-4},
   MRCLASS = {46-01 (46Fxx)},
  MRNUMBER = {1721032},
}
  

@inproceedings {MR1758076,
    AUTHOR = {Graham, C. Robin},
     TITLE = {Volume and area renormalizations for conformally compact
              {E}instein metrics},
 BOOKTITLE = {The {P}roceedings of the 19th {W}inter {S}chool ``{G}eometry
              and {P}hysics'' ({S}rn\'\i , 1999)},
   JOURNAL = {Rend. Circ. Mat. Palermo (2) Suppl.},
  FJOURNAL = {Rendiconti del Circolo Matematico di Palermo. Serie II.
              Supplemento},
    NUMBER = {63},
      YEAR = {2000},
     PAGES = {31--42},
      ISSN = {1592-9531},
   MRCLASS = {53C25 (53C80 81T30 81T40 81T50)},
  MRNUMBER = {1758076},
MRREVIEWER = {Michael G. Eastwood},
}

  @article {MR3532393,
    AUTHOR = {S\'a Barreto, Ant\^onio and Wang, Yiran},
     TITLE = {The semiclassical resolvent on conformally compact manifolds
              with variable curvature at infinity},
   JOURNAL = {Comm. Partial Differential Equations},
  FJOURNAL = {Communications in Partial Differential Equations},
    VOLUME = {41},
      YEAR = {2016},
    NUMBER = {8},
     PAGES = {1230--1302},
      ISSN = {0360-5302},
   MRCLASS = {58J50 (35P25 58J40)},
  MRNUMBER = {3532393},
MRREVIEWER = {Tanya J. Christiansen},
       DOI = {10.1080/03605302.2016.1190377},
       URL = {https://doi.org/10.1080/03605302.2016.1190377},
}
  

  @article {MR3473907,
    AUTHOR = {Chen, Xi and Hassell, Andrew},
     TITLE = {Resolvent and spectral measure on non-trapping asymptotically
              hyperbolic manifolds {I}: {R}esolvent construction at high
              energy},
   JOURNAL = {Comm. Partial Differential Equations},
  FJOURNAL = {Communications in Partial Differential Equations},
    VOLUME = {41},
      YEAR = {2016},
    NUMBER = {3},
     PAGES = {515--578},
      ISSN = {0360-5302},
   MRCLASS = {58J40 (35R01 47A10 58J50)},
  MRNUMBER = {3473907},
MRREVIEWER = {G. V. Rozenblum},
       DOI = {10.1080/03605302.2015.1116561},
       URL = {https://doi.org/10.1080/03605302.2015.1116561},
}
  

  @book {LeeRiemDraft,
    AUTHOR = {Lee, John M.},
     TITLE = {Riemannian Manifolds: an Introduction to Curvature, draft second edition},
      YEAR = {2016}
}
  

@book {MR3027462,
    AUTHOR = {Helffer, Bernard},
     TITLE = {Spectral theory and its applications},
    SERIES = {Cambridge Studies in Advanced Mathematics},
    VOLUME = {139},
 PUBLISHER = {Cambridge University Press, Cambridge},
      YEAR = {2013},
     PAGES = {vi+255},
      ISBN = {978-1-107-03230-9},
   MRCLASS = {47-02 (34L05 35Pxx 47A10 47A25 47B40 47J10 81Q05)},
  MRNUMBER = {3027462},
MRREVIEWER = {Pavel V. Exner},
}


@article {MR3169792,
    AUTHOR = {Melrose, Richard and S\'a Barreto, Ant\^onio and Vasy, Andr\'as},
     TITLE = {Analytic continuation and semiclassical resolvent estimates on
              asymptotically hyperbolic spaces},
   JOURNAL = {Comm. Partial Differential Equations},
  FJOURNAL = {Communications in Partial Differential Equations},
    VOLUME = {39},
      YEAR = {2014},
    NUMBER = {3},
     PAGES = {452--511},
      ISSN = {0360-5302},
   MRCLASS = {35P25 (35R01 51M10 58J40)},
  MRNUMBER = {3169792},
MRREVIEWER = {Alberto Parmeggiani},
       DOI = {10.1080/03605302.2013.866957},
       URL = {https://doi.org/10.1080/03605302.2013.866957},
}


@article {MR0383294,
    AUTHOR = {Gulliver, Robert},
     TITLE = {On the variety of manifolds without conjugate points},
   JOURNAL = {Trans. Amer. Math. Soc.},
  FJOURNAL = {Transactions of the American Mathematical Society},
    VOLUME = {210},
      YEAR = {1975},
     PAGES = {185--201},
      ISSN = {0002-9947},
   MRCLASS = {53C20 (58F15)},
  MRNUMBER = {0383294},
MRREVIEWER = {Zbigniew Nitecki},
       DOI = {10.2307/1997131},
       URL = {https://doi.org/10.2307/1997131},
}
  
@book {MR0365399,
    AUTHOR = {Gromoll, D. and Klingenberg, W. and Meyer, W.},
     TITLE = {Riemannsche {G}eometrie im {G}ro\ss en},
    SERIES = {Lecture Notes in Mathematics, Vol. 55},
      NOTE = {Zweite Auflage},
 PUBLISHER = {Springer-Verlag, Berlin-New York},
      YEAR = {1975},
     PAGES = {vi+287},
   MRCLASS = {53CXX (58-02)},
  MRNUMBER = {0365399},
}
    
MathSciNet

@article {MR3825848,
    AUTHOR = {Knieper, Gerhard},
     TITLE = {A note on {A}nosov flows of non-compact {R}iemannian
              manifolds},
   JOURNAL = {Proc. Amer. Math. Soc.},
  FJOURNAL = {Proceedings of the American Mathematical Society},
    VOLUME = {146},
      YEAR = {2018},
    NUMBER = {9},
     PAGES = {3955--3959},
      ISSN = {0002-9939},
   MRCLASS = {37D40 (53C22)},
  MRNUMBER = {3825848},
       DOI = {10.1090/proc/14096},
       URL = {https://doi.org/10.1090/proc/14096},
}


@book {MR1712465,
    AUTHOR = {Paternain, Gabriel P.},
     TITLE = {Geodesic flows},
    SERIES = {Progress in Mathematics},
    VOLUME = {180},
 PUBLISHER = {Birkh\"auser Boston, Inc., Boston, MA},
      YEAR = {1999},
     PAGES = {xiv+149},
      ISBN = {0-8176-4144-0},
   MRCLASS = {53D25 (37D40 37J99)},
  MRNUMBER = {1712465},
MRREVIEWER = {Boris Hasselblatt},
       DOI = {10.1007/978-1-4612-1600-1},
       URL = {https://doi.org/10.1007/978-1-4612-1600-1},
}


@article {MR0377980,
    AUTHOR = {Klingenberg, Wilhelm},
     TITLE = {Riemannian manifolds with geodesic flow of {A}nosov type},
   JOURNAL = {Ann. of Math. (2)},
  FJOURNAL = {Annals of Mathematics. Second Series},
    VOLUME = {99},
      YEAR = {1974},
     PAGES = {1--13},
      ISSN = {0003-486X},
   MRCLASS = {58E10 (58F15)},
  MRNUMBER = {0377980},
MRREVIEWER = {Robert Roussarie},
       DOI = {10.2307/1971011},
       URL = {https://doi.org/10.2307/1971011},
}
    

@article {MR0247395,
    AUTHOR = {Miller, Richard K. and Sell, George R.},
     TITLE = {Existence, uniqueness and continuity of solutions of integral
              equations},
   JOURNAL = {Ann. Mat. Pura Appl. (4)},
  FJOURNAL = {Annali di Matematica Pura ed Applicata. Serie Quarta},
    VOLUME = {80},
      YEAR = {1968},
     PAGES = {135--152},
      ISSN = {0003-4622},
   MRCLASS = {45.13 (34.00)},
  MRNUMBER = {0247395},
MRREVIEWER = {K. N. Srivastava},
       DOI = {10.1007/BF02413625},
       URL = {https://doi.org/10.1007/BF02413625},
}
  @article {MR1653332,
    AUTHOR = {Oberlin, Daniel and Smith, Hart F. and Sogge, Christopher D.},
     TITLE = {Averages over curves with torsion},
   JOURNAL = {Math. Res. Lett.},
  FJOURNAL = {Mathematical Research Letters},
    VOLUME = {5},
      YEAR = {1998},
    NUMBER = {4},
     PAGES = {535--539},
      ISSN = {1073-2780},
   MRCLASS = {42B20 (42B25)},
  MRNUMBER = {1653332},
MRREVIEWER = {Walter Trebels},
       DOI = {10.4310/MRL.1998.v5.n4.a10},
       URL = {https://doi.org/10.4310/MRL.1998.v5.n4.a10},
}
  